@article{Andreotti12,
    author  = "B. Andreotti and P. Claudin and O. Devauchell and O. Dur{\'a}n and A. Fourri{\`e}re",
    title   = "Bedforms in a turbulent stream: ripples, chevrons and antidunes",
    year    = "2012",
    journal = "J. {F}luid {M}ech.",
    volume  = "690",
    pages   = "94--128"
}

@article{Barnard06,
    author  = "P. L. Barnard and D. M. Haynes and D. M. Rubin and R. G. Kvitek",
    title   = "Giant {S}and {W}aves at the {M}outh of {S}an {F}rancisco {B}ay",
    year    = "2006",
    journal = "Eos",
    volume  = "87",
}

@article{Duran11,
    author  = "O. Dur{\'a}n and V. Sch{\"w}ammle and P. G. Lind and H. J. Herrmann",
    title   = "Size distribution and structure of {B}archan dune fields",
    year    = "2011",
    journal = "Nonlin. {P}rocesses {G}eophys.",
    volume  = "18",
    pages   = "455--467"
}

@article{Gao15,
    author  = "X. Gao and C. Narteau and O. Rozier",
    title   = "Development and steady states of transverse dunes: {A} numerical analysis of dune pattern coarsening and giant dunes",
    year    = "2015",
    journal = "J. {G}eophys. {R}es. {E}arth {S}urf.",
    volume  = "120",
    pages   = "2200--2219"
}